%% This BibTeX bibliography file was created using BibDesk.
%% http://bibdesk.sourceforge.net/


%% Created for Thomas Parks at 2015-01-25 17:40:49 +0000 


%% Saved with string encoding Unicode (UTF-8) 



@booklet{labbook,
	Author = {Physics Department},
	Date-Added = {2015-01-25 17:33:02 +0000},
	Date-Modified = {2015-01-25 17:40:23 +0000},
	Howpublished = {self-published},
	Title = {PH1140/1150 Scientific Skills 1 and 2},
	Year = {2014}}

@book{riley,
	Author = {K. F. Riley, M. P. Hobson, S. J. Bence},
	Date-Added = {2015-01-24 12:18:22 +0000},
	Date-Modified = {2015-01-24 12:19:40 +0000},
	Publisher = {Cambridge},
	Title = {Mathmatical Methods for Physics and Engineering},
	Year = {2014}}

@url{mathworld,
	Date-Modified = {2015-01-24 12:18:01 +0000},
	Howpublished = {Internet},
	Month = {January},
	Title = mathworld,
	Urldate = {01/01/2015},
	Year = {2015}}
